@article{faddeev1985quantum,
  title={Quantum Scattering Theory for Multi-particle Systems},
  author={Faddeev, LD and Merkuriev, SP},
  journal={Mathematical Physics and Applied Mathematics},
  volume={11},
  year={1985}
}

@article{de1987nuclear,
  title={Nuclear charge-density-distribution parameters from elastic electron scattering},
  author={De Vries, H and De Jager, CW and De Vries, C},
  journal={Atomic data and nuclear data tables},
  volume={36},
  number={3},
  pages={495--536},
  year={1987},
  publisher={Elsevier}
}

@article{bumiller1972elastic,
  title={Elastic Electron Scattering from Li 6 and Li 7 at Low Momentum Transfer},
  author={Bumiller, FA and Buskirk, FR and Dyer, JN and Monson, WA},
  journal={Physical Review C},
  volume={5},
  number={2},
  pages={391},
  year={1972},
  publisher={APS}
}

@article{angeli2013table,
  title={Table of experimental nuclear ground state charge radii: An update},
  author={Angeli, Istv{\'a}n and Marinova, Krassimira Petrova},
  journal={Atomic Data and Nuclear Data Tables},
  volume={99},
  number={1},
  pages={69--95},
  year={2013},
  publisher={Elsevier}
}


@article{tanihata1985measurements,
  title={Measurements of interaction cross sections and nuclear radii in the light p-shell region},
  author={Tanihata, I and Hamagaki, H and Hashimoto, Oe and Shida, Y and Yoshikawa, N and Sugimoto, K and Yamakawa, O and Kobayashi, T and Takahashi, N},
  journal={Physical Review Letters},
  volume={55},
  number={24},
  pages={2676},
  year={1985},
  publisher={APS}
}

@article{hussein2015low,
  title={Low-energy 9 Be+ 208 Pb scattering, breakup and fusion within a four-body model},
  author={Hussein, Mahir and Descouvemont, Pierre and Druet, T and Canto, L Felipe},
  journal={APS},
  volume={2015},
  pages={T1--008},
  year={2015}
}

@article{antonov2005charge,
  title={Charge and matter distributions and form factors of light, medium, and heavy neutron-rich nuclei},
  author={Antonov, AN and Kadrev, DN and Gaidarov, MK and de Guerra, E Moya and Sarriguren, Pedro and Udias, JM and Lukyanov, VK and Zemlyanaya, EV and Krumova, GZ},
  journal={Physical Review C},
  volume={72},
  number={4},
  pages={044307},
  year={2005},
  publisher={APS}
}

@article{papadimitriou2011charge,
  title={Charge radii and neutron correlations in helium halo nuclei},
  author={Papadimitriou, Georgios and Kruppa, AT and Michel, N and Nazarewicz, W and P{\l}oszajczak, M and Rotureau, J},
  journal={Physical Review C},
  volume={84},
  number={5},
  pages={051304},
  year={2011},
  publisher={APS}
}

@article{khoa2004di,
  title={Di-neutron elastic transfer in the 4He (6He, 6He) 4He reaction},
  author={Khoa, Dao T and Von Oertzen, W},
  journal={Physics Letters B},
  volume={595},
  number={1-4},
  pages={193--201},
  year={2004},
  publisher={Elsevier}
}

@article{ter1998two,
  title={Two-neutron exchange observed in the 6He+ 4He reaction. Search for the" di-neutron" configuration of 6He},
  author={Ter-Akopian, GM and Rodin, AM and Fomichev, AS and Sidorchuk, SI and Stepantsov, SV and Wolski, R and Chelnokov, ML and Gorshkov, VA and Lavrentev, A Yu and Zagrebaev, VI and others},
  journal={Physics Letters B},
  volume={426},
  number={3-4},
  pages={251--256},
  year={1998},
  publisher={Elsevier}
}


@article{descouvemont1995halo,
  title={Halo structure of Be 14 in a microscopic Be 12+ n+n cluster model},
  author={Descouvemont, Pierre},
  journal={Physical Review C},
  volume={52},
  number={2},
  pages={704},
  year={1995},
  publisher={APS}
}

@article{arai1999structure,
  title={Structure of 6 He with an extended three-cluster model},
  author={Arai, K and Suzuki, Y and Lovas, RG},
  journal={Physical Review C},
  volume={59},
  number={3},
  pages={1432},
  year={1999},
  publisher={APS}
}

@article{descouvemont2010r,
  title={The R-matrix theory},
  author={Descouvemont, Pierre and Baye, D},
  journal={Reports on progress in physics},
  volume={73},
  number={3},
  pages={036301},
  year={2010},
  publisher={IOP Publishing}
}

@article{horiuchi1970generator,
  title={Generator coordinate treatment of composite particle reaction and molecule-like structures},
  author={Horiuchi, Hisashi},
  journal={Progress of Theoretical Physics},
  volume={43},
  number={2},
  pages={375--389},
  year={1970},
  publisher={Oxford University Press}
}

@misc{brink1966proceedings,
  title={Proceedings of the International School of Physics “enrico fermi” Course XXXVI},
  author={Brink, DM and Bloch, C},
  year={1966},
  publisher={Academic New York}
}

@article{nesterov2010three,
  title={Three-cluster description of properties of light neutron-and proton-rich nuclei in the framework of the algebraic version of the resonating group method},
  author={Nesterov, AV and Arickx, F and Broeckhove, J and Vasilevsky, VS},
  journal={Physics of Particles and Nuclei},
  volume={41},
  number={5},
  pages={716--765},
  year={2010},
  publisher={Springer}
}

@book{suzuki1998stochastic,
  title={Stochastic variational approach to quantum-mechanical few-body problems},
  author={Suzuki, Yasuyuki and Suzuki, Miki and Varga, Kalman},
  volume={54},
  year={1998},
  publisher={Springer Science \& Business Media}
}

@techreport{kukulin1990dynamic,
  title={Dynamic multicluster model of light nuclei. Main formalism},
  author={Kukulin, VI and Voronchev, VT and Razikov, Kh D},
  year={1990},
  institution={Moskovskij Gosudarstvennyj Univ.}
}

@article{de2014continuum,
  title={Continuum-discretized coupled-channels calculations with core excitation},
  author={de Diego, R and Arias, JM and Lay, JA and Moro, AM},
  journal={Physical Review C},
  volume={89},
  number={6},
  pages={064609},
  year={2014},
  publisher={APS}
}

@article{tursunov2016theoretical,
  title={Theoretical study of the $\alpha$+ d→ Li 6+ $\gamma$ astrophysical capture process in a three-body model},
  author={Tursunov, EM and Kadyrov, AS and Turakulov, SA and Bray, Igor},
  journal={Physical Review C},
  volume={94},
  number={1},
  pages={015801},
  year={2016},
  publisher={APS}
}

@article{blokhintsev1993determination,
  title={Determination of the $\alpha$ 6+ d vertex constant (asymptotic coefficient) from the He 4+ d phase-shift analysis},
  author={Blokhintsev, LD and Kukulin, VI and Sakharuk, AA and Savin, DA and Kuznetsova, EV},
  journal={Physical Review C},
  volume={48},
  number={5},
  pages={2390},
  year={1993},
  publisher={APS}
}

@article{kukulin1978orthogonal,
  title={The orthogonal projection method in scattering theory},
  author={Kukulin, VI and Pomerantsev, VN},
  journal={Annals of Physics},
  volume={111},
  number={2},
  pages={330--363},
  year={1978},
  publisher={Elsevier}
}

@article{golovkov1981cross,
  title={Cross sections for low-energy deuteron reactions in 6 Li},
  author={Golovkov, MS and Kulikauskas, VS and Voronchev, VT and Krasnopol'skii, VM and Kukulin, VI},
  journal={Soviet Journal of Nuclear Physics},
  volume={34},
  number={3},
  pages={480--481},
  year={1981}
}

@article{zhusupov1994elastic,
  title={Elastic and inelastic scattering of protons and antiprotons by the 6 Li nucleus at intermediate energies},
  author={Zhusupov, MA and Ibraeva, ET and Kukulin, VI and Peresypkin, VV},
  journal={Physics of Atomic Nuclei},
  volume={57},
  number={11},
  pages={1937--1948},
  year={1994}
}

@article{glozman1984study,
  title={A study of the 6Li ($\pi$+, pp) 4He reaction within the three-body problem},
  author={Glozman, L Ya and Kukulin, VI and Neudatchin, VG},
  journal={Nuclear Physics A},
  volume={430},
  number={3},
  pages={589--604},
  year={1984},
  publisher={Elsevier}
}

@article{kakenov2020properties,
  title={Properties of dibaryons in nuclear medium},
  author={Kakenov, M and Kukulin, VI and Pomerantsev, VN and Bayakhmetov, O},
  journal={The European Physical Journal A},
  volume={56},
  number={10},
  pages={1--18},
  year={2020},
  publisher={Springer}
}

@article{sailaubek2018charged,
  title={Charged particle scattering problem with a complex-range Gaussian basis},
  author={Sailaubek, DA and Rubtsova, OA and Kukulin, VI},
  journal={The European Physical Journal A},
  volume={54},
  number={7},
  pages={126},
  year={2018},
  publisher={Springer}
}


@article{satchler1960gamma,
  title={Gamma Rays from Deuteron Stripping Reactions},
  author={Satchler, GR and Tobocman, W},
  journal={Physical Review},
  volume={118},
  number={6},
  pages={1566},
  year={1960},
  publisher={APS}
}

@article{feshbach1958optical,
  title={The optical model and its justification},
  author={Feshbach, Herman},
  journal={Annual Review of Nuclear Science},
  volume={8},
  number={1},
  pages={49--104},
  year={1958},
  publisher={Annual Reviews 4139 El Camino Way PO Box 10139 Palo Alto CA 94303-0139 USA}
}

@article{canto2006fusion,
  title={Fusion and breakup of weakly bound nuclei},
  author={Canto, LF and Gomes, PRS and Donangelo, R and Hussein, MS},
  journal={Physics reports},
  volume={424},
  number={1-2},
  pages={1--111},
  year={2006},
  publisher={Elsevier}
}


@article{pudliner1997quantum,
  title={Quantum Monte Carlo calculations of nuclei with A<\~{} 7},
  author={Pudliner, BS and Pandharipande, VR and Carlson, J and Pieper, Steven C and Wiringa, Robert B},
  journal={Physical Review C},
  volume={56},
  number={4},
  pages={1720},
  year={1997},
  publisher={APS}
}

@article{kukulin1986detailed,
  title={Detailed study of the cluster structure of light nuclei in a three-body model:(II). The spectrum of low-lying states of nuclei with A= 6},
  author={Kukulin, VI and Krasnopol'Sky, VM and Voronchev, VT and Sazonov, PB},
  journal={Nuclear Physics A},
  volume={453},
  number={3},
  pages={365--388},
  year={1986},
  publisher={Elsevier}
}

@article{kukulin1984detailed,
  title={Detailed study of the cluster structure of light nuclei in a three-body model:(I). Ground state of 6Li},
  author={Kukulin, VI and Krasnopol'sky, VM and Voronchev, VT and Sazonov, PB},
  journal={Nuclear Physics A},
  volume={417},
  number={1},
  pages={128--156},
  year={1984},
  publisher={Elsevier}
}

@article{kanada1995structure,
  title={Structure of Li and Be isotopes studied with antisymmetrized molecular dynamics},
  author={Kanada-En’yo, Yoshiko and Horiuchi, Hisashi and Ono, Akira},
  journal={Physical Review C},
  volume={52},
  number={2},
  pages={628},
  year={1995},
  publisher={APS}
}

@article{tohsaki2001alpha,
  title={Alpha Cluster Condensation in C 12 and O 16},
   author={Tohsaki, A and Horiuchi, H and Schuck, P and R{\"o}pke, G},
  journal={Physical Review Letters},
  volume={87},
  number={19},
  pages={192501},
  year={2001},
  publisher={APS}
}

@article{descouvemont200112be,
  title={12Be molecular states in a microscopic cluster model},
  author={Descouvemont, Pierre and Baye, D},
  journal={Physics Letters B},
  volume={505},
  number={1-4},
  pages={71--74},
  year={2001},
  publisher={Elsevier}
}

@article{tang1978resonating,
  title={Resonating-group method for nuclear many-body problems},
  author={Tang, Yau-Chien and LeMere, Mark and Thompsom, DR},
  journal={Physics Reports},
  volume={47},
  number={3},
  pages={167--223},
  year={1978},
  publisher={Elsevier}
}

@article{wheeler1937mathematical,
  title={On the mathematical description of light nuclei by the method of resonating group structure},
  author={Wheeler, John A},
  journal={Physical Review},
  volume={52},
  number={11},
  pages={1107},
  year={1937},
  publisher={APS}
}

@article{ter2004radioactive,
  title={Radioactive ion beam research made in Dubna},
  author={Ter-Akopian, GM and Oganessian, Yu Ts and Itkis, MG and Gulbekian, GG and Bogdanov, DD and Fomichev, AS and Golovkov, MS and Rodin, AM and Stepantsov, SV and Wolski, R},
  journal={Nuclear Physics A},
  volume={734},
  pages={295--302},
  year={2004},
  publisher={Elsevier}
}

@article{rutherford1899viii,
  title={VIII. Uranium radiation and the electrical conduction produced by it},
  author={Rutherford, Ernest},
  journal={The London, Edinburgh, and Dublin Philosophical Magazine and Journal of Science},
  volume={47},
  number={284},
  pages={109--163},
  year={1899},
  publisher={Taylor \& Francis}
}

@article{navratil2003ab,
  title={Ab initio shell model with a genuine three-nucleon force for the p-shell nuclei},
  author={Navratil, Petr and Ormand, W Erich},
  journal={Physical Review C},
  volume={68},
  number={3},
  pages={034305},
  year={2003},
  publisher={APS}
}

@article{navratil2002ab,
  title={Ab initio shell model calculations with three-body effective interactions for p-shell nuclei},
  author={Navratil, Petr and Ormand, W Erich},
  journal={Physical review letters},
  volume={88},
  number={15},
  pages={152502},
  year={2002},
  publisher={APS}
}

@article{forssen2005large,
  title={Large basis ab initio shell model investigation of Be 9 and Be 11},
  author={Forss{\'e}n, Christian and Navr{\'a}til, P and Ormand, WE and Caurier, E},
  journal={Physical Review C},
  volume={71},
  number={4},
  pages={044312},
  year={2005},
  publisher={APS}
}

@article{navratil2009recent,
  title={Recent developments in no-core shell-model calculations},
  author={Navr{\'a}til, Petr and Quaglioni, Sofia and Stetcu, Ionel and Barrett, Bruce R},
  journal={Journal of Physics G: Nuclear and Particle Physics},
  volume={36},
  number={8},
  pages={083101},
  year={2009},
  publisher={IOP Publishing}
}

@article{poenaru2012cluster,
  title={Cluster decay of superheavy nuclei},
  author={Poenaru, DN and Gherghescu, RA and Greiner, W},
  journal={Physical Review C},
  volume={85},
  number={3},
  pages={034615},
  year={2012},
  publisher={APS}
}

@incollection{stuewer1986gamow,
  title={Gamow’s theory of alpha-decay},
  author={Stuewer, Roger H},
  booktitle={The kaleidoscope of science},
  pages={147--186},
  year={1986},
  publisher={Springer}
}

@article{fukuda2013identification,
  title={Identification and separation of radioactive isotope beams by the BigRIPS separator at the RIKEN RI Beam Factory},
  author={Fukuda, N and Kubo, T and Ohnishi, T and Inabe, N and Takeda, H and Kameda, D and Suzuki, H},
  journal={Nuclear Instruments and Methods in Physics Research Section B: Beam Interactions with Materials and Atoms},
  volume={317},
  pages={323--332},
  year={2013},
  publisher={Elsevier}
}

@article{hong2014plan,
  title={Plan for nuclear symmetry energy experiments using the LAMPS system at the RIB facility RAON in Korea},
  author={Hong, Byungsik and Ahn, Jung Keun and Go, Y and Jhang, G and Joo, E and Kim, DG and Kim, EJ and Kim, HH and Kim, YH and Kim, YJ and others},
  journal={The European Physical Journal A},
  volume={50},
  number={2},
  pages={49},
  year={2014},
  publisher={Springer}
}

@article{gade2016nscl,
  title={NSCL and FRIB at Michigan State University: Nuclear science at the limits of stability},
  author={Gade, A and Sherrill, BM},
  journal={Physica Scripta},
  volume={91},
  number={5},
  pages={053003},
  year={2016},
  publisher={IOP Publishing}
}

@article{yano2007riken,
  title={The RIKEN RI beam factory project: A status report},
  author={Yano, Yasushige},
  journal={Nuclear Instruments and Methods in Physics Research Section B: Beam Interactions with Materials and Atoms},
  volume={261},
  number={1-2},
  pages={1009--1013},
  year={2007},
  publisher={Elsevier}
}

@inproceedings{lichtenthaler2005radioactive,
  title={Radioactive ion beams in Brazil (RIBRAS)},
  author={Lichtenth{\"a}ler, R and L{\'e}pine-Szily, A and Guimaraes, V and Perego, C and Placco, V and Camargo, O and Denke, R and De Faria, PN and Benjamim, EA and Added, N and others},
  booktitle={The 4th International Conference on Exotic Nuclei and Atomic Masses},
  pages={733--736},
  year={2005},
  organization={Springer}
}

@book{donoghue2014dynamics,
  title={Dynamics of the standard model},
  author={Donoghue, John F and Golowich, Eugene and Holstein, Barry R},
  volume={35},
  year={2014},
  publisher={Cambridge university press}
}

@book{griffiths2020introduction,
  title={Introduction to elementary particles},
  author={Griffiths, David},
  year={2020},
  publisher={John Wiley \& Sons}
}

@book{ramond1999journeys,
  title={Journeys beyond the standard model},
  author={Ramond, Pierre},
  year={1999},
  publisher={Perseus Books Cambridge}
}

@article{oganessian1999dynamics,
  title={Dynamics of two-neutron transfer reactions with the Borromean nucleus 6 He},
  author={Oganessian, Yu Ts and Zagrebaev, VI and Vaagen, JS},
  journal={Physical Review C},
  volume={60},
  number={4},
  pages={044605},
  year={1999},
  publisher={APS}
}

@misc{de1963nuclear,
  title={Nuclear shell theory},
  author={de-Shalit, A and Talmi, I},
  year={1963},
  publisher={Academic Press, New York and London}
}


@article{pomerantsevPrivate,
  title={Private comunication},
  author={Pomerantsev, VN}
}

@article{voronchev1994study,
  title={Study of the Structure and Properties of Nuclei with A= 9 (9 Be-9 B) in Terms of Multicluster Dynamic Model 2$\alpha$+ N},
  author={Voronchev, VT and Kukulin, VI and Pomerantsev, VN and Razikov, Kh D and Ryzhikh, GG},
  journal={Yad. Fiz},
  volume={57},
  pages={1964--1980},
  year={1994}
}

@article{hirai2011clustering,
  title={Clustering aspects in nuclear structure functions},
  author={Hirai, M and Kumano, S and Saito, Koichi and Watanabe, T},
  journal={Physical Review C},
  volume={83},
  number={3},
  pages={035202},
  year={2011},
  publisher={APS}
}

@incollection{egelhof2003nuclear,
  title={Nuclear-matter distributions of halo nuclei from elastic proton scattering in inverse kinematics},
  author={Egelhof, P and Alkhazov, GD and Andronenko, MN and Bauchet, A and Dobrovolsky, AV and Fritz, S and Gavrilov, GE and Geissel, H and Gross, C and Khanzadeev, AV and others},
  booktitle={Exotic Nuclei and Atomic Masses},
  pages={61--67},
  year={2003},
  publisher={Springer}
}


@book{satchler1983,
  title={Direct Nuclear Reactions},
  author={Satchler, G.R.},
  isbn={9780198512691},
  lccn={82022419},
  series={International series of monographs on physics},
  year={1983},
  publisher={Clarendon Press}
}


@article{zhukov1993bound,
  title={Bound state properties of Borromean halo nuclei: 6He and 11Li},
  author={Zhukov, MV and Danilin, BV and Fedorov, D\_V and Bang, JM and Thompson, IJ and Vaagen, JS},
  journal={Physics reports},
  volume={231},
  number={4},
  pages={151--199},
  year={1993},
  publisher={Elsevier}
}

@article{buck1977local,
  title={Local potential models for the scattering of complex nuclei},
  author={Buck, B and Friedrich, H and Wheatley, C},
  journal={Nuclear Physics A},
  volume={275},
  number={1},
  pages={246--268},
  year={1977},
  publisher={Elsevier}
}

@article{day1981three,
  title={Three-body correlations in nuclear matter},
  author={Day, BD},
  journal={Physical Review C},
  volume={24},
  number={3},
  pages={1203},
  year={1981},
  publisher={APS}
}

@article{sack1954elastic,
  title={The Elastic Scattering of Protons by Alpha Particles},
  author={Sack, S and Biedenharn, LC and Breit, G},
  journal={Physical Review},
  volume={93},
  number={2},
  pages={321},
  year={1954},
  publisher={APS}
}

@article{khoa1994double,
  title={Double-folding model for heavy-ion optical potential: Revised and applied to study C 12 and O 16 elastic scattering},
  author={Khoa, Dao T and Von Oertzen, W and Bohlen, HG},
  journal={Physical Review C},
  volume={49},
  number={3},
  pages={1652},
  year={1994},
  publisher={APS}
}

=======
>>>>>>> parent of 6c9ae42... changes to 06112020
@article{satchler1979folding,
  title={Folding model potentials from realistic interactions for heavy-ion scattering},
  author={Satchler, George Raymond and Love, W Gary},
  journal={Physics Reports},
  volume={55},
  number={3},
  pages={183--254},
  year={1979},
  publisher={Elsevier}
}

@article{galanina2012mechanisms,
  title={Mechanisms of sequential particle transfer and characteristics of light neutron-excess and oriented nuclei},
  author={Galanina, LI and Zelenskaya, NS},
  journal={Physics of Particles and Nuclei},
  volume={43},
  number={2},
  pages={147--186},
  year={2012},
  publisher={Springer}
}

@article{hauser1969elastic,
  title={Elastic scattering of 104 MeV alpha particles},
  author={Hauser, G and L{\"o}hken, R and Rebel, H and Schatz, G and Schweimer, GW and Specht, J},
  journal={Nuclear Physics A},
  volume={128},
  number={1},
  pages={81--109},
  year={1969},
  publisher={Elsevier}
}

@article{roy1995coupled,
  title={Coupled channel folding model description of $\alpha$ scattering from Be 9},
  author={Roy, Subinit and Chatterjee, JM and Majumdar, H and Datta, SK and Banerjee, SR and Chintalapudi, SN},
  journal={Physical Review C},
  volume={52},
  number={3},
  pages={1524},
  year={1995},
  publisher={APS}
}

@article{lukyanov2014study,
  title={Study of internal structures of 9, 10Be and 10B in scattering of 4He from 9Be},
  author={Lukyanov, SM and Denikin, AS and Voskoboynik, EI and Khlebnikov, SV and Harakeh, MN and Maslov, VA and Penionzhkevich, Yu E and Sobolev, Yu G and Trzaska, WH and Tyurin, GP and others},
  journal={Journal of Physics G: Nuclear and Particle Physics},
  volume={41},
  number={3},
  pages={035102},
  year={2014},
  publisher={IOP Publishing}
}

@article{avrigeanu1994global,
  title={Global optical potentials for emitted alpha particles},
  author={Avrigeanu, V and Hodgson, PE and Avrigeanu, M},
  journal={Physical Review C},
  volume={49},
  number={4},
  pages={2136},
  year={1994},
  publisher={APS}
}


@article{burtebaev2002,
  title={},
  author={Burtebaev, N and et al},
  journal={Vopr. At. Nauki Tekh., Ser.: Fiz. Yad.
Reakt.},
  volume={2002},
  number={2},
  pages={137},
  year={2002},
}

@article{kukulin1977stochastic,
  title={A stochastic variational method for few-body systems},
  author={Kukulin, VI and Krasnopol'sky, VM},
  journal={Journal of Physics G: Nuclear Physics},
  volume={3},
  number={6},
  pages={795},
  year={1977},
  publisher={IOP Publishing}
}

@article{lucas1964scattering,
  title={Scattering of 18.4-MeV Alpha Particles by Beryllium},
  author={Lucas, BT and Cosper, SW and Johnson, OE},
  journal={Physical Review},
  volume={133},
  number={4B},
  pages={B963},
  year={1964},
  publisher={APS}
}

@article{jansen1972nuclear,
  title={Nuclear charge radii of 12C and 9Be},
  author={Jansen, JA and Peerdeman, R Th and De Vries, C},
  journal={Nuclear Physics A},
  volume={188},
  number={2},
  pages={337--352},
  year={1972},
  publisher={Elsevier}
}

@article{anantaraman1983effective,
  title={An effective interaction for inelastic scattering derived from the Paris potential},
  author={Anantaraman, N and Toki, H and Bertsch, GF},
  journal={Nuclear Physics A},
  volume={398},
  number={2},
  pages={269--278},
  year={1983},
  publisher={Elsevier}
}

@article{fey1973nuclear,
  title={Nuclear Rms charge radii from relative electron scattering measurements at low energies},
  author={Fey, G and Frank, H and Sch{\"u}tz, W and Theissen, H},
  journal={Zeitschrift f{\"u}r Physik},
  volume={265},
  number={4},
  pages={401--403},
  year={1973},
  publisher={Springer}
}

@article{FESHBACH1962287,
title = "A unified theory of nuclear reactions. II",
journal = "Annals of Physics",
volume = "19",
number = "2",
pages = "287 - 313",
year = "1962",
issn = "0003-4916",
doi = "https://doi.org/10.1016/0003-4916(62)90221-X",
url = "http://www.sciencedirect.com/science/article/pii/000349166290221X",
author = "Feshbach, H."
}

@article{rocca2018,
  author="V. {Della Rocca} and F. {Iachello}",
  title="Cluster shell model: I. Structure of $^{9}$Be, $^{9}$B",
  journal="Nucl. Phys.",
  year=2018,
  volume="A973",
  pages="1"
}

@article{woods1954,
  title = {Diffuse Surface Optical Model for Nucleon-Nuclei Scattering},
  author = {Woods, Roger D. and Saxon, David S.},
  journal = {Phys. Rev.},
  volume = {95},
  issue = {2},
  pages = {577--578},
  numpages = {0},
  year = {1954},
  month = {Jul},
  publisher = {American Physical Society},
  doi = {10.1103/PhysRev.95.577},
  url = {https://link.aps.org/doi/10.1103/PhysRev.95.577}
}


@book{brown2017,
  title={Lecture Notes in Nuclear Structure Physics},
  author={Brown, A.B.},
  year={2017},
  publisher={Michigan State University}
}


@article{tanaka1978,
  author="S. {Tanaka}",
  title="The $^{9}$Be(d, t)$^{8}$Be and $^{9}$Be(d, $\alpha$)$^{7}$Li Reaction in the Energy Range from 12.17 MeV to 14.43 MeV",
  journal="J. Phys. Soc. Jpn.",
  year=1978,
  volume="44",
  pages="1405"
}

@article{galanina2012,
  author="L. I. {Galanina} and N. S. {Zelenskaya}",
  title="Mechanisms of sequential particle transfer and characteristics of light neutron-excess and oriented nuclei",
  journal="Phys. Part. Nucl.",
  year=2012,
  volume="43",
  pages="147"
}


@article{volya2017,
  author="K. {Kravvaris} and A. {Volya}",
  title="Study of Nuclear Clustering from an Ab Initio Perspective",
  journal="Phys. Rev. Lett.",
  year=2017,
  volume="119",
  pages="062501"
}

@article{navratil2004,
  author="P. {Navratil}",
  title="Cluster form factor calculation in the ab initio no-core shell model",
  journal="Phys. Rev.",
  year=2004,
  volume="C70",
  pages="054324"
}

@article{cohen1965,
  author="S. {Cohen} and D. {Kurath}",
  title="Effective Interactions for the 1p Shell",
  journal="Nucl. Phys.",
  year=1965,
  volume="73",
  pages="1"
}

@article{separationneutron,
  author="M. {Wang} and G. {Audi} and A. H. {Wapstra} and F. G. {Kondev} and M. {MacCormick} and X. {Xu} and B. {Pfeiffer}",
  title="The AME2012 atomic mass evaluation (II). Tables, graphs and references",
  journal="Chin. Phys. C",
  year=2012,
  volume="36",
  pages="1603"
}

@article{quadrupole,
  author="D. {Sundholm} and J. {Olsen}",
  title="Large MCHF Calculations on the Hyperfine Structure of Be($^{3}$P$^{0}$): The nuclear quadrupole moment of $^{9}$Be",
  journal="Chem. Phys. Lett.",
  year=1991,
  volume="177",
  pages="91"
}

@article{coker1974,
  author="W. R. {Coker} and T. {Udagawa} and J. R. {Comfort}",
  title="Successive Pickup Contributions to the $^{98}$Mo(d, $\alpha$)$^{96}$Nb Reaction",
  journal="Phys. Rev.",
  year=1974,
  volume="C10",
  pages="1130"
}

@article{jarczyk1996,
  author="L. {Jarczyk} and B. {Kamys} and M. {Kistryn} and A. {Magiera} and Z. {Rudy} and A. {Strzalkowski} and R. {Barna} and V. {D'Amico} and D. {De Pasquale} and A. {Italiano} and M. {Licandro}",
  title="Five-Nucleon Simultaneous and Sequential Transfer in the $^{12}$C($^{11}$B, $^{6}$Li)$^{17}$O and $^{12}$C(d, $^{7}$Li)$^{7}$Be Reactions",
  journal="Phys. Rev.",
  year=1996,
  volume="C54",
  pages="1302"
}

@article{daehnick1981,
  author="W. W. {Daehnick} and M. J. {Spisak} and J. R. {Comfort}",
  title="Reaction Mechanism of ($\alpha$, d) Transfer in $^{208}$Pb($\alpha$, d)$^{210}$Bi at 33 and 48 MeV",
  journal="Phys. Rev.",
  year=1981,
  volume="C23",
  pages="1906"
}

@article{global6Li,
  author="J. {Cook}",
  title="Global Optical-Model Potentials for the Elastic Scattering of $^{6,7}$Li Projectiles",
  journal="Nucl. Phys.",
  year=1982,
  volume="A388",
  pages="153"
}

@article{fiveSA,
  author="E. {Kwasniewicz} and L. {Jarczyk}",
  title="Five-Nucleon Spectroscopic Amplitudes for 1p-Shell Nuclei",
  journal="Nucl. Phys.",
  year=1985,
  volume="A441",
  pages="77"
}

@article{kurath1973,
  author="D. {Kurath}",
  title="Alpha-Structure Amplitudes for the 1p Shell",
  journal="Phys. Rev.",
  year=1973,
  volume="C7",
  pages="1390"
}

@article{janseitov2018,
  author="D. M. {Janseitov} and S. M. {Lukyanov} and K. {Mendibayev} and Yu. E. {Penionzhkevich} and N. K. {Skobelev} and Yu. G. {Sobolev} and K. A. {Kuterbekov} and D. S. {Valiolda} and T. K. {Zholdybayev} and W. H. {Trzaska} and S. V. {Khlebnikov} and G. P. {Tyurin} and B. A. {Urazbekov} and M. N. {Harakeh} and V. {Burjan} and V. {Kroha} and J. {Mrazek} and S. {Piskor} and I. {Sivacek} and V. {Glagolev}",
  title="Investigation of the elastic and inelastic scattering of $^{3}$He from $^{9}$Be in the energy range 30-60 MeV",
  journal="Int. J. Mod. Phys.",
  year=2018,
  volume="E27",
  pages="1850089"
}

@article{rudchik2016,
  author="A. T. {Rudchik} and K. A. {Chercas} and K. W. {Kemper} and K. {Rusek} and A. A. {Rudchik} and O. V. {Herashchenko} and E. I. {Koshchy} and Val. M. {Pirnak} and E. {Piasecki} and A. {Trzcinska} and S. B. {Sakuta} and R. {Siudak} and I. {Strojek} and A. {Stolarz} and A. P. {Ilyin} and O. A. {Ponkratenko} and Yu. M. {Stepanenko} and Yu. O. {Shyrma} and A. {Szczurek} and V. V. {Uleshchenko}",
  title="Elastic and inelastic scattering of $^{15}$N ions by $^{9}$Be at 84 MeV",
  journal="Nucl. Phys.",
  year=2016,
  volume="A947",
  pages="161"
}

@article{urazbekov2017,
  author="B. A. {Urazbekov} and A. S. {Denikin} and S. K. {Sakhiev} and S. M. {Lukyanov}",
  title="Studying the reactions of deuteron interaction with $^{9}$Be nuclei at low energies",
  journal="Bull. Rus. Acad. Sci. Phys.",
  year="2017",
  volume="81",
  pages="690"
}

@article{urazbekov2016,
  author="B. A. {Urazbekov} and A. S. {Denikin} and S. K. {Sakhiev} and N. T. {Burtebaev}",
  title="Manifestation of the cluster structure of the $^{9}$Be nucleus in direct nuclear reactions",
  journal="Bull. Rus. Acad. Sci. Phys.",
  year="2016",
  volume="80",
  pages="247"
}


@article{brown2007,
  author="T. A. D. {Brown} and P. {Papka} and B. R. {Fulton} and D. L. {Watson} and S. P. {Fox} and D. {Groombridge} and M. {Freer} and N. M. {Clarke} and N. I. {Ashwood} and N. {Curtis} and V. {Ziman} and P. {McEwan} and S. {Ahmed} and W. N. {Catford} and D. {Mahboub} and C. N. {Timis} and T. D. {Baldwin} and D. C. {Weisser}",
  title="Decay studies for states in $^{9}$Be up to 11 MeV: Insights into the n+$^{8}$Be and $\alpha$+$^{5}$He cluster structure",
  journal="Phys. Rev.",
  year=2007,
  volume="C76",
  pages="054605"
}


@article{papka2007,
  author="P. {Papka} and T. A. D. {Brown} and B. R. {Fulton} and D. L. {Watson} and S. P. {Fox} and D. {Groombridge} and M. {Freer} and N. M. {Clarke} and N. I. {Ashwood} and N. {Curtis} and V. {Ziman} and P. {McEwan} and S. {Ahmed} and W. N. {Catford} and D. {Mahboub} and C. N. {Timis} and T. D. {Baldwin} and D. C. {Weisser}",
  title="Decay path measurements for the 2.429 MeV state in $^{9}$Be: Implications for the astrophysical $\alpha$ + $\alpha$ + n reaction",
  journal="Phys. Rev.",
  year=2007,
  volume="C75",
  pages="045803"
}

@article{detraz1970,
  author="C. {Detraz} and H. H. {Duhm} and H. {Hafner}",
  title="The ($^{3}$He, $^{7}$Be) Reaction on Light Nuclei",
  journal="Nucl. Phys.",
  year=1970,
  volume="A147",
  pages="488"
}


@article{seksembayev2018,
  author={Zh Seksembayev and V Kukulin and S Sakhiyev},
  title={Study of a dense hot plasma’s burning in Z -pinch devices with inertial-magnetic confinement},
  journal={Phys. Scr.},
  volume={93},
  number={8},
  pages={085602},
  year={2018}
}

@article{detraz1974,
  author="C. {Detraz} and F. {Pougheon} and M. {Bernas} and M. {Langevin} and P. {Roussel} and J. {Vernotte}",
  title="Selectivity in the $^{11}$B($^{3}$He, $^{6}$Li)$^{8}$Be Reaction",
  journal="Nucl. Phys.",
  year=1974,
  volume="A228",
  pages="39"
}

@article{kukulin2010,
  author="V. I. {Kukulin} and V. T. {Voronchev}",
  title="Pinch-based thermonuclear D$^{3}$He fusion driven by a femtosecond laser",
  journal="Phys. At. Nucl.",
  year=2010,
  volume="73",
  pages="1376"
}

@article{bodek1989,
  author="A. {Szczurek} and K. {Bodek} and J. {Krug} and W. {Lubcke} and H. {Ruhl} and M. {Steinke} and M. {Stephan} and D. {Kamke} and W. {Hajdas} and L. {Jarczyk} and B. {Kamys} and A. {Strzalkowski} and E. {Kwasniewicz}",
  title="Mechanism of Reactions Induced by 7 MeV Deuterons on $^{9}$Be[(d, p), (d, d), (d, t), (d, $^{4}$He)]",
  journal="Z. Phys.",
  year=1989,
  volume="A333",
  pages="271"
}

@article{lukyanov2014,
  author="S. M. {Lukyanov} and A. S. {Denikin} and E. I. {Voskoboynik} and S. V. {Khlebnikov} and M. N. {Harakeh} and V. A. {Maslov} and Yu. E. {Penionzhkevich} and Yu. G. {Sobolev} and W. H. {Trzaska} and G. P. {Tyurin} and K. A. {Kuterbekov}",
  title="Study of internal structures of $^{9, 10}$Be and $^{10}$B in scattering of $^{4}$He from $^{9}$Be",
  journal="J. Phys. (London)",
  year="2014",
  volume="G41",
  pages="035102"
}

@article{lukyanov2015,
	title = {{Some Insights into Cluster Structure of <sup>9</sup>Be from <sup>3</sup>He + <sup>9</sup>Be Reaction}},
	author = {S. M.  Lukyanov and M. N.  Harakeh and M. A.  Naumenko and Yi  Xu and W. H.  Trzaska and V.  Burjan and V.  Kroha and J.  Mrazek and V.  Glagolev and S.  Piskor and E. I.  Voskoboynik and S. V.  Khlebnikov and Yu. E.  Penionzhkevich and N. K.  Skobelev and Yu. G.  Sobolev and G. P.  Tyurin and K.  Kuterbekov and Yu.  Tuleushev},
	journal = {{World Journal of Nuclear Science and Technology}},
	volume = {5},
	pages = {265},
	year = {2015},
}

@article{votava1973,
  author="H. J. {Votava} and T. B. {Clegg} and E. J. {Ludwig} and W. J. {Thompson}",
  title="Proton Scattering from $^{9}$Be between 6 and 30 MeV and the Structure of $^{9}$Be",
  journal="Nucl. Phys.",
  year=1973,
  volume="A204",
  pages="529"
}

@article{globalAlpha,
  author="V. {Avrigeanu} and P. E. {Hodgson} and M. {Avrigeanu}",
  title="Global Optical Potentials for Emitted Alpha Particles",
  journal="Phys. Rev.",
  year=1994,
  volume="C49",
  pages="2136"
}

@article{globalProton,
  author="A. J. {Koning} and J. P. {Delaroche}",
  title="Local and global nucleon optical models from 1 keV to 200 MeV",
  journal="Nucl. Phys.",
  year=2003,
  volume="A713",
  pages="231"
}

@article{globalDeuteron,
  author="H. {An} and C. {Cai}",
  title="Global deuteron optical model potential for the energy range up to 183 MeV",
  journal="Phys. Rev.",
  year=2006,
  volume="C73",
  pages="054605"
}

@article{globalTriton,
  author="X. {Li} and C. {Liang} and C. {Cai}",
  title="Global triton optical model potential",
  journal="Nucl. Phys.",
  year=2007,
  volume="A789",
  pages="103"
}

@article{fresco,
title = "Coupled reaction channels calculations in nuclear physics",
journal = "Comp. Phys. Rep.",
volume = "7",
number = "4",
pages = "167 - 212",
year = "1988",
doi = "https://doi.org/10.1016/0167-7977(88)90005-6",
author = "Ian J. Thompson"
}

@article{nrv,
title = "NRV web knowledge base on low-energy nuclear physics",
journal = "Nucl. Instr. and Meth. Phys. Res.t",
volume = "A859",
pages = "112 - 124",
year = "2017",
author = "A.V. Karpov and A.S. Denikin and M.A. Naumenko and A.P. Alekseev and V.A. Rachkov and V.V. Samarin and V.V. Saiko and V.I. Zagrebaev",
url={http://nrv.jinr.ru}
}

@article{canam,
author = "CANAM",
url = "http://canam.ujf.cas.cz/"
}

@article{antoine,
  title = {The shell model as a unified view of nuclear structure},
  author = {Caurier, E. and Mart\'{\i}nez-Pinedo, G. and Nowacki, F. and Poves, A. and Zuker, A. P.},
  journal = {Rev. Mod. Phys.},
  volume = {77},
  issue = {2},
  pages = {427--488},
  numpages = {0},
  year = {2005},
  month = {Jun},
  publisher = {American Physical Society},
  doi = {10.1103/RevModPhys.77.427}
}

@article{volya,
  author="A. {Volya} ",
  journal="Private communication."
}



@article{harakeh1980strong,
  title={Strong coupled-channels effects in the 9Be ($\alpha$, t) 10B reaction},
  author={Harakeh, MN and Van Popta, J and Saha, A and Siemssen, RH},
  journal={Nuclear Physics A},
  volume={344},
  number={1},
  pages={15--40},
  year={1980},
  publisher={Elsevier}
}

@unpublished{kunz,
    author    = "P. D. Kunz",
    title     = "Computer code $\mathrm{DWUCK}5$",
    url = {https://www.oecd-nea.org/tools/abstract/detail/nesc9872},
    note    = "unpublished"
}