@book{satchler1983,
  title={Direct Nuclear Reactions},
  author={Satchler, G.R.},
  isbn={9780198512691},
  lccn={82022419},
  series={International series of monographs on physics},
  year={1983},
  publisher={Clarendon Press}
}

@article{rocca2018,
  author="V. {Della Rocca} and F. {Iachello}",
  title="Cluster shell model: I. Structure of $^{9}$Be, $^{9}$B",
  journal="Nucl. Phys.",
  year=2018,
  volume="A973",
  pages="1"
}

@book{brown2017,
  title={Lecture Notes in Nuclear Structure Physics},
  author={Brown, A.B.},
  year={2017},
  publisher={Michigan State University}
}


@article{tanaka1978,
  author="S. {Tanaka}",
  title="The $^{9}$Be(d, t)$^{8}$Be and $^{9}$Be(d, $\alpha$)$^{7}$Li Reaction in the Energy Range from 12.17 MeV to 14.43 MeV",
  journal="J. Phys. Soc. Jpn.",
  year=1978,
  volume="44",
  pages="1405"
}

@article{galanina2012,
  author="L. I. {Galanina} and N. S. {Zelenskaya}",
  title="Mechanisms of sequential particle transfer and characteristics of light neutron-excess and oriented nuclei",
  journal="Phys. Part. Nucl.",
  year=2012,
  volume="43",
  pages="147"
}


@article{volya2017,
  author="K. {Kravvaris} and A. {Volya}",
  title="Study of Nuclear Clustering from an Ab Initio Perspective",
  journal="Phys. Rev. Lett.",
  year=2017,
  volume="119",
  pages="062501"
}

@article{navratil2004,
  author="P. {Navratil}",
  title="Cluster form factor calculation in the ab initio no-core shell model",
  journal="Phys. Rev.",
  year=2004,
  volume="C70",
  pages="054324"
}

@article{cohen1965,
  author="S. {Cohen} and D. {Kurath}",
  title="Effective Interactions for the 1p Shell",
  journal="Nucl. Phys.",
  year=1965,
  volume="73",
  pages="1"
}

@article{separationneutron,
  author="M. {Wang} and G. {Audi} and A. H. {Wapstra} and F. G. {Kondev} and M. {MacCormick} and X. {Xu} and B. {Pfeiffer}",
  title="The AME2012 atomic mass evaluation (II). Tables, graphs and references",
  journal="Chin. Phys. C",
  year=2012,
  volume="36",
  pages="1603"
}

@article{quadrupole,
  author="D. {Sundholm} and J. {Olsen}",
  title="Large MCHF Calculations on the Hyperfine Structure of Be($^{3}$P$^{0}$): The nuclear quadrupole moment of $^{9}$Be",
  journal="Chem. Phys. Lett.",
  year=1991,
  volume="177",
  pages="91"
}

@article{coker1974,
  author="W. R. {Coker} and T. {Udagawa} and J. R. {Comfort}",
  title="Successive Pickup Contributions to the $^{98}$Mo(d, $\alpha$)$^{96}$Nb Reaction",
  journal="Phys. Rev.",
  year=1974,
  volume="C10",
  pages="1130"
}

@article{jarczyk1996,
  author="L. {Jarczyk} and B. {Kamys} and M. {Kistryn} and A. {Magiera} and Z. {Rudy} and A. {Strzalkowski} and R. {Barna} and V. {D'Amico} and D. {De Pasquale} and A. {Italiano} and M. {Licandro}",
  title="Five-Nucleon Simultaneous and Sequential Transfer in the $^{12}$C($^{11}$B, $^{6}$Li)$^{17}$O and $^{12}$C(d, $^{7}$Li)$^{7}$Be Reactions",
  journal="Phys. Rev.",
  year=1996,
  volume="C54",
  pages="1302"
}

@article{daehnick1981,
  author="W. W. {Daehnick} and M. J. {Spisak} and J. R. {Comfort}",
  title="Reaction Mechanism of ($\alpha$, d) Transfer in $^{208}$Pb($\alpha$, d)$^{210}$Bi at 33 and 48 MeV",
  journal="Phys. Rev.",
  year=1981,
  volume="C23",
  pages="1906"
}

@article{global6Li,
  author="J. {Cook}",
  title="Global Optical-Model Potentials for the Elastic Scattering of $^{6,7}$Li Projectiles",
  journal="Nucl. Phys.",
  year=1982,
  volume="A388",
  pages="153"
}

@article{fiveSA,
  author="E. {Kwasniewicz} and L. {Jarczyk}",
  title="Five-Nucleon Spectroscopic Amplitudes for 1p-Shell Nuclei",
  journal="Nucl. Phys.",
  year=1985,
  volume="A441",
  pages="77"
}

@article{kurath1973,
  author="D. {Kurath}",
  title="Alpha-Structure Amplitudes for the 1p Shell",
  journal="Phys. Rev.",
  year=1973,
  volume="C7",
  pages="1390"
}

@article{janseitov2018,
  author="D. M. {Janseitov} and S. M. {Lukyanov} and K. {Mendibayev} and Yu. E. {Penionzhkevich} and N. K. {Skobelev} and Yu. G. {Sobolev} and K. A. {Kuterbekov} and D. S. {Valiolda} and T. K. {Zholdybayev} and W. H. {Trzaska} and S. V. {Khlebnikov} and G. P. {Tyurin} and B. A. {Urazbekov} and M. N. {Harakeh} and V. {Burjan} and V. {Kroha} and J. {Mrazek} and S. {Piskor} and I. {Sivacek} and V. {Glagolev}",
  title="Investigation of the elastic and inelastic scattering of $^{3}$He from $^{9}$Be in the energy range 30-60 MeV",
  journal="Int. J. Mod. Phys.",
  year=2018,
  volume="E27",
  pages="1850089"
}

@article{rudchik2016,
  author="A. T. {Rudchik} and K. A. {Chercas} and K. W. {Kemper} and K. {Rusek} and A. A. {Rudchik} and O. V. {Herashchenko} and E. I. {Koshchy} and Val. M. {Pirnak} and E. {Piasecki} and A. {Trzcinska} and S. B. {Sakuta} and R. {Siudak} and I. {Strojek} and A. {Stolarz} and A. P. {Ilyin} and O. A. {Ponkratenko} and Yu. M. {Stepanenko} and Yu. O. {Shyrma} and A. {Szczurek} and V. V. {Uleshchenko}",
  title="Elastic and inelastic scattering of $^{15}$N ions by $^{9}$Be at 84 MeV",
  journal="Nucl. Phys.",
  year=2016,
  volume="A947",
  pages="161"
}

@article{urazbekov2017,
  author="B. A. {Urazbekov} and A. S. {Denikin} and S. K. {Sakhiev} and S. M. {Lukyanov}",
  title="Studying the reactions of deuteron interaction with $^{9}$Be nuclei at low energies",
  journal="Bull. Rus. Acad. Sci. Phys.",
  year="2017",
  volume="81",
  pages="690"
}

@article{urazbekov2016,
  author="B. A. {Urazbekov} and A. S. {Denikin} and S. K. {Sakhiev} and N. T. {Burtebaev}",
  title="Manifestation of the cluster structure of the $^{9}$Be nucleus in direct nuclear reactions",
  journal="Bull. Rus. Acad. Sci. Phys.",
  year="2016",
  volume="80",
  pages="247"
}


@article{brown2007,
  author="T. A. D. {Brown} and P. {Papka} and B. R. {Fulton} and D. L. {Watson} and S. P. {Fox} and D. {Groombridge} and M. {Freer} and N. M. {Clarke} and N. I. {Ashwood} and N. {Curtis} and V. {Ziman} and P. {McEwan} and S. {Ahmed} and W. N. {Catford} and D. {Mahboub} and C. N. {Timis} and T. D. {Baldwin} and D. C. {Weisser}",
  title="Decay studies for states in $^{9}$Be up to 11 MeV: Insights into the n+$^{8}$Be and $\alpha$+$^{5}$He cluster structure",
  journal="Phys. Rev.",
  year=2007,
  volume="C76",
  pages="054605"
}


@article{papka2007,
  author="P. {Papka} and T. A. D. {Brown} and B. R. {Fulton} and D. L. {Watson} and S. P. {Fox} and D. {Groombridge} and M. {Freer} and N. M. {Clarke} and N. I. {Ashwood} and N. {Curtis} and V. {Ziman} and P. {McEwan} and S. {Ahmed} and W. N. {Catford} and D. {Mahboub} and C. N. {Timis} and T. D. {Baldwin} and D. C. {Weisser}",
  title="Decay path measurements for the 2.429 MeV state in $^{9}$Be: Implications for the astrophysical $\alpha$ + $\alpha$ + n reaction",
  journal="Phys. Rev.",
  year=2007,
  volume="C75",
  pages="045803"
}

@article{detraz1970,
  author="C. {Detraz} and H. H. {Duhm} and H. {Hafner}",
  title="The ($^{3}$He, $^{7}$Be) Reaction on Light Nuclei",
  journal="Nucl. Phys.",
  year=1970,
  volume="A147",
  pages="488"
}


@article{seksembayev2018,
  author={Zh Seksembayev and V Kukulin and S Sakhiyev},
  title={Study of a dense hot plasmaâ€™s burning in Z -pinch devices with inertial-magnetic confinement},
  journal={Phys. Scr.},
  volume={93},
  number={8},
  pages={085602},
  year={2018}
}

@article{detraz1974,
  author="C. {Detraz} and F. {Pougheon} and M. {Bernas} and M. {Langevin} and P. {Roussel} and J. {Vernotte}",
  title="Selectivity in the $^{11}$B($^{3}$He, $^{6}$Li)$^{8}$Be Reaction",
  journal="Nucl. Phys.",
  year=1974,
  volume="A228",
  pages="39"
}

@article{kukulin2010,
  author="V. I. {Kukulin} and V. T. {Voronchev}",
  title="Pinch-based thermonuclear D$^{3}$He fusion driven by a femtosecond laser",
  journal="Phys. At. Nucl.",
  year=2010,
  volume="73",
  pages="1376"
}

@article{bodek1989,
  author="A. {Szczurek} and K. {Bodek} and J. {Krug} and W. {Lubcke} and H. {Ruhl} and M. {Steinke} and M. {Stephan} and D. {Kamke} and W. {Hajdas} and L. {Jarczyk} and B. {Kamys} and A. {Strzalkowski} and E. {Kwasniewicz}",
  title="Mechanism of Reactions Induced by 7 MeV Deuterons on $^{9}$Be[(d, p), (d, d), (d, t), (d, $^{4}$He)]",
  journal="Z. Phys.",
  year=1989,
  volume="A333",
  pages="271"
}

@article{lukyanov2014,
  author="S. M. {Lukyanov} and A. S. {Denikin} and E. I. {Voskoboynik} and S. V. {Khlebnikov} and M. N. {Harakeh} and V. A. {Maslov} and Yu. E. {Penionzhkevich} and Yu. G. {Sobolev} and W. H. {Trzaska} and G. P. {Tyurin} and K. A. {Kuterbekov}",
  title="Study of internal structures of $^{9, 10}$Be and $^{10}$B in scattering of $^{4}$He from $^{9}$Be",
  journal="J. Phys. (London)",
  year="2014",
  volume="G41",
  pages="035102"
}

@article{lukyanov2015,
	title = {{Some Insights into Cluster Structure of <sup>9</sup>Be from <sup>3</sup>He + <sup>9</sup>Be Reaction}},
	author = {S. M.  Lukyanov and M. N.  Harakeh and M. A.  Naumenko and Yi  Xu and W. H.  Trzaska and V.  Burjan and V.  Kroha and J.  Mrazek and V.  Glagolev and S.  Piskor and E. I.  Voskoboynik and S. V.  Khlebnikov and Yu. E.  Penionzhkevich and N. K.  Skobelev and Yu. G.  Sobolev and G. P.  Tyurin and K.  Kuterbekov and Yu.  Tuleushev},
	journal = {{World Journal of Nuclear Science and Technology}},
	volume = {5},
	pages = {265},
	year = {2015},
}

@article{votava1973,
  author="H. J. {Votava} and T. B. {Clegg} and E. J. {Ludwig} and W. J. {Thompson}",
  title="Proton Scattering from $^{9}$Be between 6 and 30 MeV and the Structure of $^{9}$Be",
  journal="Nucl. Phys.",
  year=1973,
  volume="A204",
  pages="529"
}

@article{globalAlpha,
  author="V. {Avrigeanu} and P. E. {Hodgson} and M. {Avrigeanu}",
  title="Global Optical Potentials for Emitted Alpha Particles",
  journal="Phys. Rev.",
  year=1994,
  volume="C49",
  pages="2136"
}

@article{globalProton,
  author="A. J. {Koning} and J. P. {Delaroche}",
  title="Local and global nucleon optical models from 1 keV to 200 MeV",
  journal="Nucl. Phys.",
  year=2003,
  volume="A713",
  pages="231"
}

@article{globalDeuteron,
  author="H. {An} and C. {Cai}",
  title="Global deuteron optical model potential for the energy range up to 183 MeV",
  journal="Phys. Rev.",
  year=2006,
  volume="C73",
  pages="054605"
}

@article{globalTriton,
  author="X. {Li} and C. {Liang} and C. {Cai}",
  title="Global triton optical model potential",
  journal="Nucl. Phys.",
  year=2007,
  volume="A789",
  pages="103"
}

@article{fresco,
title = "Coupled reaction channels calculations in nuclear physics",
journal = "Comp. Phys. Rep.",
volume = "7",
number = "4",
pages = "167 - 212",
year = "1988",
doi = "https://doi.org/10.1016/0167-7977(88)90005-6",
author = "Ian J. Thompson"
}

@article{nrv,
title = "NRV web knowledge base on low-energy nuclear physics",
journal = "Nucl. Instr. and Meth. Phys. Res.t",
volume = "A859",
pages = "112 - 124",
year = "2017",
author = "A.V. Karpov and A.S. Denikin and M.A. Naumenko and A.P. Alekseev and V.A. Rachkov and V.V. Samarin and V.V. Saiko and V.I. Zagrebaev"
}

@article{canam,
author = "CANAM",
url = "http://canam.ujf.cas.cz/"
}

@article{antoine,
  title = {The shell model as a unified view of nuclear structure},
  author = {Caurier, E. and Mart\'{\i}nez-Pinedo, G. and Nowacki, F. and Poves, A. and Zuker, A. P.},
  journal = {Rev. Mod. Phys.},
  volume = {77},
  issue = {2},
  pages = {427--488},
  numpages = {0},
  year = {2005},
  month = {Jun},
  publisher = {American Physical Society},
  doi = {10.1103/RevModPhys.77.427}
}

@article{volya,
  author="A. {Volya} ",
  journal="Private communication. Unpublished"
}

@article{harakeh1980,
  author="M. N. {Harakeh} and J. {van Popta} and A. {Saha} and R. H. {Siemssen}",
  title="Strong Coupled-Channels Effects in the $^{9}$Be($\alpha$, t)$^{10}$B Reaction",
  journal="Nucl. Phys.",
  year=1980,
  volume="A344",
  pages="15"
}

@unpublished{kunz,
    author    = "P. D. Kunz",
    title     = "Computer code $\mathrm{DWUCK}5$",
    howpublished = "https://www.oecd-nea.org/tools/abstract/detail/nesc9872",
    note    = "unpublished"
}