@book{satchler1983,
  title={Direct Nuclear Reactions},
  author={Satchler, G.R.},
  isbn={9780198512691},
  lccn={82022419},
  series={International series of monographs on physics},
  year={1983},
  publisher={Clarendon Press}
}

@book{varshalovich1988quantum,
  title={Quantum theory of angular momentum},
  author={Varshalovich, Dmitri{\u\i} Aleksandrovich and Moskalev, Anatolij Nikolaevic and Khersonskii, Valerii Kel'manovich},
  year={1988},
  publisher={World Scientific}
}

@article{voronchev1994analysis,
  title={Analysis of the structure and properties of nuclei with A= 9 (9 Be-9 B) in the dynamic multicluster 2$\alpha$+ N model},
  author={Voronchev, VT and Kukulin, VI and Pomerantsev, VN and Razikov, Kh D and Ryzhikh, GG},
  journal={Physics of Atomic Nuclei},
  volume={57},
  number={11},
  pages={1890--1904},
  year={1994}
}

@article{varga1995precise,
  title={Precise solution of few-body problems with the stochastic variational method on a correlated Gaussian basis},
  author={Varga, K{\'a}lm{\'a}n and Suzuki, Y},
  journal={Physical Review C},
  volume={52},
  number={6},
  pages={2885},
  year={1995},
  publisher={APS}
}

@article{kukulin1986detailed,
  title={Detailed study of the cluster structure of light nuclei in a three-body model:(II). The spectrum of low-lying states of nuclei with A= 6},
  author={Kukulin, VI and Krasnopol'Sky, VM and Voronchev, VT and Sazonov, PB},
  journal={Nuclear Physics A},
  volume={453},
  number={3},
  pages={365--388},
  year={1986},
  publisher={Elsevier}
}

@article{varga1994microscopic,
  title={Microscopic multicluster description of neutron-halo nuclei with a stochastic variational method},
  author={Varga, K and Suzuki, Y and Lovas, RG},
  journal={Nuclear Physics A},
  volume={571},
  number={3},
  pages={447--466},
  year={1994},
  publisher={Elsevier}
}

@article{tanihata1985measurements,
  title={Measurements of interaction cross sections and nuclear radii in the light p-shell region},
  author={Tanihata, I and Hamagaki, H and Hashimoto, Oe and Shida, Y and Yoshikawa, N and Sugimoto, K and Yamakawa, O and Kobayashi, T and Takahashi, N},
  journal={Physical Review Letters},
  volume={55},
  number={24},
  pages={2676},
  year={1985},
  publisher={APS}
}

@techreport{kukulin1990dynamic,
  title={Dynamic multicluster model of light nuclei. Main formalism},
  author={Kukulin, VI and Voronchev, VT and Razikov, Kh D},
  year={1990},
  institution={Moskovskij Gosudarstvennyj Univ.}
}

@article{park1969elastic,
  title={Elastic scattering of 3He particles by 9Be and 11B between 4.0 and 18.0 MeV},
  author={Park, JY and Duggan, JL and Miller, PD and Duncan, MM and Dangle, RL},
  journal={Nuclear Physics A},
  volume={134},
  number={2},
  pages={277--288},
  year={1969},
  publisher={Elsevier}
}

@article{satchler1979folding,
  title={Folding model potentials from realistic interactions for heavy-ion scattering},
  author={Satchler, George Raymond and Love, W Gary},
  journal={Physics Reports},
  volume={55},
  number={3},
  pages={183--254},
  year={1979},
  publisher={Elsevier}
}

@article{thompson1988coupled,
  title={Coupled reaction channels calculations in nuclear physics},
  author={Thompson, Ian J},
  journal={Computer Physics Reports},
  volume={7},
  number={4},
  pages={167--212},
  year={1988},
  publisher={Elsevier Science}
}

@article{janseitov2018investigation,
  title={Investigation of the elastic and inelastic scattering of 3 He from 9 Be in the energy range 30--60MeV},
  author={Janseitov, DM and Lukyanov, SM and Mendibayev, K and Penionzhkevich, Yu E and Skobelev, NK and Sobolev, Yu G and Kuterbekov, KA and Valiolda, DS and Zholdybayev, TK and Trzaska, WH and others},
  journal={International Journal of Modern Physics E},
  volume={27},
  number={10},
  pages={1850089},
  year={2018},
  publisher={World Scientific Publishing Company}
}

@article{baktybayev2000analysis,
  title={An analysis of elastic and inelastic channels of 3He ions and $\alpha$-particles scatterings on 7Li, 9Be and 11B nuclei at the energies of (10-20) MeV/NUC},
  author={Baktybayev, MK and Burtebayev, N and Duysebayev, A and Duysebayev, BA and Zhurynbayeva, GS and Sakuta, SB and Peterson, RJ},
  year={2000},
  pages={822},
  publisher={Turkish Atomic Energy Authority}
}

@article{rudchik1996strong,
  title={Strong coupled-channel effects in the 9Be (3He, 3He), 9Be (3He, 7Be) and (3He, 6Li) reactions at E (3He)= 60 MeV},
  author={Rudchik, AT and Koshchy, EI and Budzanowski, A and Siudak, R and Szczurek, A and Skwirczy{\'n}ska, I and Mashkarov, Yu G and G{\l}owacka, L and Turkiewicz, J and Zalyubovsky, II and others},
  journal={Nuclear Physics A},
  volume={609},
  number={2},
  pages={147--162},
  year={1996},
  publisher={Elsevier}
}

@book{becchetti1971proceedings,
  title={Proceedings of the Third International Symposium on Polarization Phenomena in Nuclear Reactions, Madison, 1970},
  author={Becchetti, FD and Greenlees, GW},
  year={1971},
  pages={682},
  publisher={Univ. of Wisconsin Press, Madison}
}

@article{liatard1990matter,
  title={Matter distribution in neutron-rich light nuclei and total reaction cross-section},
  author={Liatard, Eric and Bruandet, JF and Glasser, F and Kox, S and Chan, Tsan Ung and Costa, GJ and Heitz, C and El Masri, Youssef and Hanappe, F and Bimbot, R and others},
  journal={EPL (Europhysics Letters)},
  volume={13},
  number={5},
  pages={401},
  year={1990},
  publisher={IOP Publishing}
}

@article{hirai2011clustering,
  title={Clustering aspects in nuclear structure functions},
  author={Hirai, M and Kumano, S and Saito, Koichi and Watanabe, T},
  journal={Physical Review C},
  volume={83},
  number={3},
  pages={035202},
  year={2011},
  publisher={APS}
}

@article{karpov2017nrv,
  title={NRV web knowledge base on low-energy nuclear physics},
  author={Karpov, AV and Denikin, AS and Naumenko, MA and Alekseev, AP and Rachkov, VA and Samarin, VV and Saiko, VV and Zagrebaev, VI},
  journal={Nuclear Instruments and Methods in Physics Research Section A: Accelerators, Spectrometers, Detectors and Associated Equipment},
  volume={859},
  pages={112--124},
  year={2017},
  publisher={Elsevier}
}

@article{anantaraman1983effective,
  title={An effective interaction for inelastic scattering derived from the Paris potential},
  author={Anantaraman, N and Toki, H and Bertsch, GF},
  journal={Nuclear Physics A},
  volume={398},
  number={2},
  pages={269--278},
  year={1983},
  publisher={Elsevier}
}


@article{sundholm1991large,
  title={Large MCHF calculations on the hyperfine structure of Be (3PO): the nuclear quadrupole moment of 9Be},
  author={Sundholm, Dage and Olsen, Jeppe},
  journal={Chemical physics letters},
  volume={177},
  number={1},
  pages={91--97},
  year={1991},
  publisher={Elsevier}
}

@article{von1996two,
  title={Two-center molecular states in 9 B, 9 Be, 10 Be, and 10 B},
  author={Von Oertzen, W},
  journal={Zeitschrift f{\"u}r Physik A Hadrons and Nuclei},
  volume={354},
  number={1},
  pages={37--43},
  year={1996},
  publisher={Springer}
}

@article{von2006nuclear,
  title={Nuclear clusters and nuclear molecules},
  author={von Oertzen, Wolfram and Freer, Martin and Kanada-Enâ€™yo, Yoshiko},
  journal={Physics Reports},
  volume={432},
  number={2},
  pages={43--113},
  year={2006},
  publisher={Elsevier}
}

@article{kukulin1984detailed,
  title={Detailed study of the cluster structure of light nuclei in a three-body model:(I). Ground state of 6Li},
  author={Kukulin, VI and Krasnopol'sky, VM and Voronchev, VT and Sazonov, PB},
  journal={Nuclear Physics A},
  volume={417},
  number={1},
  pages={128--156},
  year={1984},
  publisher={Elsevier}
}

@article{voronchev1995three,
  title={Three-body calculations of A= 9 Nuclei with Supersymmetric $\alpha$-$\alpha$ Potentials},
  author={Voronchev, VT and Kukulin, VI and Pomerantsev, VN and Ryzhikh, GG},
  journal={Few-Body Systems},
  volume={18},
  number={2-4},
  pages={191--202},
  year={1995},
  publisher={Springer}
}

@book{suzuki1998stochastic,
  title={Stochastic variational approach to quantum-mechanical few-body problems},
  author={Suzuki, Yasuyuki and Suzuki, Miki and Varga, Kalman},
  volume={54},
  year={1998},
  publisher={Springer Science \& Business Media}
}

@article{pomerantsev2005dibaryon,
  title={Dibaryon model for nuclear force and the properties of the 3N system},
  author={Pomerantsev, VN and Kukulin, VI and Voronchev, VT and Faessler, Amand},
  journal={Physics of Atomic Nuclei},
  volume={68},
  number={9},
  pages={1453--1486},
  year={2005},
  publisher={Springer}
}

@article{umbelino2019two,
  title={Two-neutron transfer in Be 7+ Be 9 collisions},
  author={Umbelino, U and Pires, KCC and Lichtenth{\"a}ler, R and Scarduelli, V and Scotton, GA and L{\'e}pine-Szily, A and Guimar{\~a}es, V and Lubian, J and Paes, B and Ferreira, JL and others},
  journal={Physical Review C},
  volume={99},
  number={6},
  pages={064617},
  year={2019},
  publisher={APS}
}

@article{keeley2019coherent,
  title={Coherent coupled-reaction-channels analysis of existing and new p+ Be 9 data between 1.7 and 15 MeV/nucleon},
  author={Keeley, N and Pakou, A and Soukeras, V and Cappuzzello, F and Acosta, L and Agodi, C and Boiano, A and Calabrese, S and Carbone, D and Cavallaro, M and others},
  journal={Physical Review C},
  volume={99},
  number={1},
  pages={014615},
  year={2019},
  publisher={APS}
}

@article{urazbekov2019clusterization,
  title={Clusterization and strong coupled-channels effects in deuteron interaction with 9Be nuclei},
  author={Urazbekov, BA and Denikin, AS and Lukyanov, SM and Itaco, N and Janseitov, DM and Mendibayev, K and Burjan, Vaclav and Kroha, Vaclav and Mrazek, J and Trzaska, WH and others},
  journal={Journal of Physics G: Nuclear and Particle Physics},
  volume={46},
  number={10},
  pages={105110},
  year={2019},
  publisher={IOP Publishing}
}

@article{rocca2018,
  author="V. {Della Rocca} and F. {Iachello}",
  title="Cluster shell model: I. Structure of $^{9}$Be, $^{9}$B",
  journal="Nucl. Phys.",
  year=2018,
  volume="A973",
  pages="1"
}

@book{brown2017,
  title={Lecture Notes in Nuclear Structure Physics},
  author={Brown, A.B.},
  year={2017},
  publisher={Michigan State University}
}


@article{tanaka1978,
  author="S. {Tanaka}",
  title="The $^{9}$Be(d, t)$^{8}$Be and $^{9}$Be(d, $\alpha$)$^{7}$Li Reaction in the Energy Range from 12.17 MeV to 14.43 MeV",
  journal="J. Phys. Soc. Jpn.",
  year=1978,
  volume="44",
  pages="1405"
}

@article{galanina2012,
  author="L. I. {Galanina} and N. S. {Zelenskaya}",
  title="Mechanisms of sequential particle transfer and characteristics of light neutron-excess and oriented nuclei",
  journal="Phys. Part. Nucl.",
  year=2012,
  volume="43",
  pages="147"
}


@article{volya2017,
  author="K. {Kravvaris} and A. {Volya}",
  title="Study of Nuclear Clustering from an Ab Initio Perspective",
  journal="Phys. Rev. Lett.",
  year=2017,
  volume="119",
  pages="062501"
}

@article{navratil2004,
  author="P. {Navratil}",
  title="Cluster form factor calculation in the ab initio no-core shell model",
  journal="Phys. Rev.",
  year=2004,
  volume="C70",
  pages="054324"
}

@article{cohen1965,
  author="S. {Cohen} and D. {Kurath}",
  title="Effective Interactions for the 1p Shell",
  journal="Nucl. Phys.",
  year=1965,
  volume="73",
  pages="1"
}

@article{separationneutron,
  author="M. {Wang} and G. {Audi} and A. H. {Wapstra} and F. G. {Kondev} and M. {MacCormick} and X. {Xu} and B. {Pfeiffer}",
  title="The AME2012 atomic mass evaluation (II). Tables, graphs and references",
  journal="Chin. Phys. C",
  year=2012,
  volume="36",
  pages="1603"
}

@article{quadrupole,
  author="D. {Sundholm} and J. {Olsen}",
  title="Large MCHF Calculations on the Hyperfine Structure of Be($^{3}$P$^{0}$): The nuclear quadrupole moment of $^{9}$Be",
  journal="Chem. Phys. Lett.",
  year=1991,
  volume="177",
  pages="91"
}

@article{coker1974,
  author="W. R. {Coker} and T. {Udagawa} and J. R. {Comfort}",
  title="Successive Pickup Contributions to the $^{98}$Mo(d, $\alpha$)$^{96}$Nb Reaction",
  journal="Phys. Rev.",
  year=1974,
  volume="C10",
  pages="1130"
}

@article{jarczyk1996,
  author="L. {Jarczyk} and B. {Kamys} and M. {Kistryn} and A. {Magiera} and Z. {Rudy} and A. {Strzalkowski} and R. {Barna} and V. {D'Amico} and D. {De Pasquale} and A. {Italiano} and M. {Licandro}",
  title="Five-Nucleon Simultaneous and Sequential Transfer in the $^{12}$C($^{11}$B, $^{6}$Li)$^{17}$O and $^{12}$C(d, $^{7}$Li)$^{7}$Be Reactions",
  journal="Phys. Rev.",
  year=1996,
  volume="C54",
  pages="1302"
}

@article{daehnick1981,
  author="W. W. {Daehnick} and M. J. {Spisak} and J. R. {Comfort}",
  title="Reaction Mechanism of ($\alpha$, d) Transfer in $^{208}$Pb($\alpha$, d)$^{210}$Bi at 33 and 48 MeV",
  journal="Phys. Rev.",
  year=1981,
  volume="C23",
  pages="1906"
}

@article{global6Li,
  author="J. {Cook}",
  title="Global Optical-Model Potentials for the Elastic Scattering of $^{6,7}$Li Projectiles",
  journal="Nucl. Phys.",
  year=1982,
  volume="A388",
  pages="153"
}

@article{fiveSA,
  author="E. {Kwasniewicz} and L. {Jarczyk}",
  title="Five-Nucleon Spectroscopic Amplitudes for 1p-Shell Nuclei",
  journal="Nucl. Phys.",
  year=1985,
  volume="A441",
  pages="77"
}

@article{kurath1973,
  author="D. {Kurath}",
  title="Alpha-Structure Amplitudes for the 1p Shell",
  journal="Phys. Rev.",
  year=1973,
  volume="C7",
  pages="1390"
}

@article{janseitov2018,
  author="D. M. {Janseitov} and S. M. {Lukyanov} and K. {Mendibayev} and Yu. E. {Penionzhkevich} and N. K. {Skobelev} and Yu. G. {Sobolev} and K. A. {Kuterbekov} and D. S. {Valiolda} and T. K. {Zholdybayev} and W. H. {Trzaska} and S. V. {Khlebnikov} and G. P. {Tyurin} and B. A. {Urazbekov} and M. N. {Harakeh} and V. {Burjan} and V. {Kroha} and J. {Mrazek} and S. {Piskor} and I. {Sivacek} and V. {Glagolev}",
  title="Investigation of the elastic and inelastic scattering of $^{3}$He from $^{9}$Be in the energy range 30-60 MeV",
  journal="Int. J. Mod. Phys.",
  year=2018,
  volume="E27",
  pages="1850089"
}

@article{rudchik2016,
  author="A. T. {Rudchik} and K. A. {Chercas} and K. W. {Kemper} and K. {Rusek} and A. A. {Rudchik} and O. V. {Herashchenko} and E. I. {Koshchy} and Val. M. {Pirnak} and E. {Piasecki} and A. {Trzcinska} and S. B. {Sakuta} and R. {Siudak} and I. {Strojek} and A. {Stolarz} and A. P. {Ilyin} and O. A. {Ponkratenko} and Yu. M. {Stepanenko} and Yu. O. {Shyrma} and A. {Szczurek} and V. V. {Uleshchenko}",
  title="Elastic and inelastic scattering of $^{15}$N ions by $^{9}$Be at 84 MeV",
  journal="Nucl. Phys.",
  year=2016,
  volume="A947",
  pages="161"
}

@article{urazbekov2017,
  author="B. A. {Urazbekov} and A. S. {Denikin} and S. K. {Sakhiev} and S. M. {Lukyanov}",
  title="Studying the reactions of deuteron interaction with $^{9}$Be nuclei at low energies",
  journal="Bull. Rus. Acad. Sci. Phys.",
  year="2017",
  volume="81",
  pages="690"
}

@article{urazbekov2016,
  author="B. A. {Urazbekov} and A. S. {Denikin} and S. K. {Sakhiev} and N. T. {Burtebaev}",
  title="Manifestation of the cluster structure of the $^{9}$Be nucleus in direct nuclear reactions",
  journal="Bull. Rus. Acad. Sci. Phys.",
  year="2016",
  volume="80",
  pages="247"
}


@article{brown2007,
  author="T. A. D. {Brown} and P. {Papka} and B. R. {Fulton} and D. L. {Watson} and S. P. {Fox} and D. {Groombridge} and M. {Freer} and N. M. {Clarke} and N. I. {Ashwood} and N. {Curtis} and V. {Ziman} and P. {McEwan} and S. {Ahmed} and W. N. {Catford} and D. {Mahboub} and C. N. {Timis} and T. D. {Baldwin} and D. C. {Weisser}",
  title="Decay studies for states in $^{9}$Be up to 11 MeV: Insights into the n+$^{8}$Be and $\alpha$+$^{5}$He cluster structure",
  journal="Phys. Rev.",
  year=2007,
  volume="C76",
  pages="054605"
}


@article{papka2007,
  author="P. {Papka} and T. A. D. {Brown} and B. R. {Fulton} and D. L. {Watson} and S. P. {Fox} and D. {Groombridge} and M. {Freer} and N. M. {Clarke} and N. I. {Ashwood} and N. {Curtis} and V. {Ziman} and P. {McEwan} and S. {Ahmed} and W. N. {Catford} and D. {Mahboub} and C. N. {Timis} and T. D. {Baldwin} and D. C. {Weisser}",
  title="Decay path measurements for the 2.429 MeV state in $^{9}$Be: Implications for the astrophysical $\alpha$ + $\alpha$ + n reaction",
  journal="Phys. Rev.",
  year=2007,
  volume="C75",
  pages="045803"
}

@article{detraz1970,
  author="C. {Detraz} and H. H. {Duhm} and H. {Hafner}",
  title="The ($^{3}$He, $^{7}$Be) Reaction on Light Nuclei",
  journal="Nucl. Phys.",
  year=1970,
  volume="A147",
  pages="488"
}


@article{seksembayev2018,
  author={Zh Seksembayev and V Kukulin and S Sakhiyev},
  title={Study of a dense hot plasmaâ€™s burning in Z -pinch devices with inertial-magnetic confinement},
  journal={Phys. Scr.},
  volume={93},
  number={8},
  pages={085602},
  year={2018}
}

@article{detraz1974,
  author="C. {Detraz} and F. {Pougheon} and M. {Bernas} and M. {Langevin} and P. {Roussel} and J. {Vernotte}",
  title="Selectivity in the $^{11}$B($^{3}$He, $^{6}$Li)$^{8}$Be Reaction",
  journal="Nucl. Phys.",
  year=1974,
  volume="A228",
  pages="39"
}

@article{kukulin2010,
  author="V. I. {Kukulin} and V. T. {Voronchev}",
  title="Pinch-based thermonuclear D$^{3}$He fusion driven by a femtosecond laser",
  journal="Phys. At. Nucl.",
  year=2010,
  volume="73",
  pages="1376"
}

@article{bodek1989,
  author="A. {Szczurek} and K. {Bodek} and J. {Krug} and W. {Lubcke} and H. {Ruhl} and M. {Steinke} and M. {Stephan} and D. {Kamke} and W. {Hajdas} and L. {Jarczyk} and B. {Kamys} and A. {Strzalkowski} and E. {Kwasniewicz}",
  title="Mechanism of Reactions Induced by 7 MeV Deuterons on $^{9}$Be[(d, p), (d, d), (d, t), (d, $^{4}$He)]",
  journal="Z. Phys.",
  year=1989,
  volume="A333",
  pages="271"
}

@article{lukyanov2014,
  author="S. M. {Lukyanov} and A. S. {Denikin} and E. I. {Voskoboynik} and S. V. {Khlebnikov} and M. N. {Harakeh} and V. A. {Maslov} and Yu. E. {Penionzhkevich} and Yu. G. {Sobolev} and W. H. {Trzaska} and G. P. {Tyurin} and K. A. {Kuterbekov}",
  title="Study of internal structures of $^{9, 10}$Be and $^{10}$B in scattering of $^{4}$He from $^{9}$Be",
  journal="J. Phys. (London)",
  year="2014",
  volume="G41",
  pages="035102"
}

@article{lukyanov2015,
	title = {{Some Insights into Cluster Structure of <sup>9</sup>Be from <sup>3</sup>He + <sup>9</sup>Be Reaction}},
	author = {S. M.  Lukyanov and M. N.  Harakeh and M. A.  Naumenko and Yi  Xu and W. H.  Trzaska and V.  Burjan and V.  Kroha and J.  Mrazek and V.  Glagolev and S.  Piskor and E. I.  Voskoboynik and S. V.  Khlebnikov and Yu. E.  Penionzhkevich and N. K.  Skobelev and Yu. G.  Sobolev and G. P.  Tyurin and K.  Kuterbekov and Yu.  Tuleushev},
	journal = {{World Journal of Nuclear Science and Technology}},
	volume = {5},
	pages = {265},
	year = {2015},
}

@article{votava1973,
  author="H. J. {Votava} and T. B. {Clegg} and E. J. {Ludwig} and W. J. {Thompson}",
  title="Proton Scattering from $^{9}$Be between 6 and 30 MeV and the Structure of $^{9}$Be",
  journal="Nucl. Phys.",
  year=1973,
  volume="A204",
  pages="529"
}

@article{globalAlpha,
  author="V. {Avrigeanu} and P. E. {Hodgson} and M. {Avrigeanu}",
  title="Global Optical Potentials for Emitted Alpha Particles",
  journal="Phys. Rev.",
  year=1994,
  volume="C49",
  pages="2136"
}

@article{globalProton,
  author="A. J. {Koning} and J. P. {Delaroche}",
  title="Local and global nucleon optical models from 1 keV to 200 MeV",
  journal="Nucl. Phys.",
  year=2003,
  volume="A713",
  pages="231"
}

@article{globalDeuteron,
  author="H. {An} and C. {Cai}",
  title="Global deuteron optical model potential for the energy range up to 183 MeV",
  journal="Phys. Rev.",
  year=2006,
  volume="C73",
  pages="054605"
}

@article{globalTriton,
  author="X. {Li} and C. {Liang} and C. {Cai}",
  title="Global triton optical model potential",
  journal="Nucl. Phys.",
  year=2007,
  volume="A789",
  pages="103"
}

@article{fresco,
title = "Coupled reaction channels calculations in nuclear physics",
journal = "Comp. Phys. Rep.",
volume = "7",
number = "4",
pages = "167 - 212",
year = "1988",
doi = "https://doi.org/10.1016/0167-7977(88)90005-6",
author = "Ian J. Thompson"
}

@article{nrv,
title = "NRV web knowledge base on low-energy nuclear physics",
journal = "Nucl. Instr. and Meth. Phys. Res.t",
volume = "A859",
pages = "112 - 124",
year = "2017",
author = "A.V. Karpov and A.S. Denikin and M.A. Naumenko and A.P. Alekseev and V.A. Rachkov and V.V. Samarin and V.V. Saiko and V.I. Zagrebaev"
}

@article{canam,
author = "CANAM",
url = "http://canam.ujf.cas.cz/"
}

@article{antoine,
  title = {The shell model as a unified view of nuclear structure},
  author = {Caurier, E. and Mart\'{\i}nez-Pinedo, G. and Nowacki, F. and Poves, A. and Zuker, A. P.},
  journal = {Rev. Mod. Phys.},
  volume = {77},
  issue = {2},
  pages = {427--488},
  numpages = {0},
  year = {2005},
  month = {Jun},
  publisher = {American Physical Society},
  doi = {10.1103/RevModPhys.77.427}
}

@article{volya,
  author="A. {Volya} ",
  journal="Private communication. Unpublished"
}

@article{harakeh1980,
  author="M. N. {Harakeh} and J. {van Popta} and A. {Saha} and R. H. {Siemssen}",
  title="Strong Coupled-Channels Effects in the $^{9}$Be($\alpha$, t)$^{10}$B Reaction",
  journal="Nucl. Phys.",
  year=1980,
  volume="A344",
  pages="15"
}

@unpublished{kunz,
    author    = "P. D. Kunz",
    title     = "Computer code $\mathrm{DWUCK}5$",
    howpublished = "https://www.oecd-nea.org/tools/abstract/detail/nesc9872",
    note    = "unpublished"
}